<record><leader>00000cas a22000007a 4500</leader><controlfield tag="001">12818374</controlfield><controlfield tag="008">851119d19251943wvuwr ne      0    0eng d</controlfield><datafield ind1=" " ind2=" " tag="010"><subfield code="a">sn 85059679 </subfield></datafield><datafield ind1=" " ind2=" " tag="040"><subfield code="a">WVC</subfield><subfield code="b">eng</subfield><subfield code="c">WVC</subfield><subfield code="d">OCL</subfield><subfield code="d">OCLCQ</subfield></datafield><datafield ind1=" " ind2=" " tag="042"><subfield code="a">msc</subfield></datafield><datafield ind1="0" ind2=" " tag="130"><subfield code="a">Hancock courier (New Cumberland, W. Va.)</subfield></datafield><datafield ind1="1" ind2="0" tag="245"><subfield code="a">Hancock courier.</subfield></datafield><datafield ind1=" " ind2=" " tag="260"><subfield code="a">New Cumberland, W. Va. :</subfield><subfield code="b">John Plattenburg,</subfield><subfield code="c">1925-1943.</subfield></datafield><datafield ind1=" " ind2=" " tag="300"><subfield code="a">v.</subfield></datafield><datafield ind1=" " ind2=" " tag="310"><subfield code="a">Weekly</subfield></datafield><datafield ind1="0" ind2=" " tag="362"><subfield code="a">Vol. 56, no. 15 (Apr. 23, 1925)-v. 74, no. 1 (Jan. 7, 1943).</subfield></datafield><datafield ind1=" " ind2=" " tag="515"><subfield code="a">Suspended publication for six weeks in 1936 due to flood.</subfield></datafield><datafield ind1=" " ind2=" " tag="752"><subfield code="a">United States</subfield><subfield code="b">West Virginia</subfield><subfield code="c">Hancock</subfield><subfield code="d">New Cumberland.</subfield></datafield><datafield ind1="0" ind2="0" tag="780"><subfield code="t">Hancock County courier (Fairview, W. Va. : 1869)</subfield><subfield code="w">(DLC)sn 84026792</subfield></datafield><datafield ind1="0" ind2="0" tag="785"><subfield code="t">Hancock County courier (New Cumberland, W. Va. : 1943)</subfield><subfield code="w">(DLC)sn 85059697</subfield></datafield></record>